<mx:record xmlns="http://www.w3.org/TR/xhtml1/strict" xmlns:mx="http://www.loc.gov/MARC21/slim" xmlns:xsi="http://www.w3.org/2001/XMLSchema-instance"><mx:leader>00000nz   2200000n  0000</mx:leader><mx:controlfield tag="001">oca00094855 </mx:controlfield><mx:controlfield tag="005">19840322000000.0</mx:controlfield><mx:controlfield tag="008">801021n| acannaab|          |a aaa |||  </mx:controlfield><mx:datafield ind1=" " ind2=" " tag="010"><mx:subfield code="a">n  50060366</mx:subfield></mx:datafield><mx:datafield ind1=" " ind2=" " tag="040"><mx:subfield code="a">DLC</mx:subfield><mx:subfield code="c">DLC</mx:subfield></mx:datafield><mx:datafield ind1="0" ind2=" " tag="100"><mx:subfield code="a">Diogenes,</mx:subfield><mx:subfield code="d">d. ca. 323 B.C.</mx:subfield></mx:datafield><mx:datafield ind1="0" ind2=" " tag="400"><mx:subfield code="a">Diogenes,</mx:subfield><mx:subfield code="c">the Cynic</mx:subfield><mx:subfield code="w">nnaa</mx:subfield></mx:datafield><mx:datafield ind1="0" ind2=" " tag="400"><mx:subfield code="a">Diogenes,</mx:subfield><mx:subfield code="c">the Cynic,</mx:subfield><mx:subfield code="d">d. ca. 323 B.C.</mx:subfield></mx:datafield><mx:datafield ind1="0" ind2=" " tag="400"><mx:subfield code="a">Diogenes,</mx:subfield><mx:subfield code="c">of Sinope,</mx:subfield><mx:subfield code="d">d. ca. 323 B.C.</mx:subfield></mx:datafield><mx:datafield ind1="0" ind2=" " tag="500"><mx:subfield code="a">Pseudo-Diogenes,</mx:subfield><mx:subfield code="c">the Cynic,</mx:subfield><mx:subfield code="d">d. ca. 323 B.C.</mx:subfield></mx:datafield><mx:datafield ind1=" " ind2=" " tag="670"><mx:subfield code="a">Aliki. Diogenes, 1968:</mx:subfield><mx:subfield code="b">t.p. (Diogenes)</mx:subfield></mx:datafield><mx:datafield ind1=" " ind2=" " tag="670"><mx:subfield code="a">Enc. Brit., 15th ed.</mx:subfield><mx:subfield code="b">(Diogenes, d. ca. 320 B.C., archetype of the Cynics)</mx:subfield></mx:datafield><mx:datafield ind1=" " ind2=" " tag="670"><mx:subfield code="a">Collier&amp;#039;s encyc., 1977</mx:subfield><mx:subfield code="b">(Diogenes; ca. 412 B.C.-ca. 323 B.C.; Greek philosopher and probable founder of Cynicism)</mx:subfield></mx:datafield><mx:datafield ind1=" " ind2=" " tag="670"><mx:subfield code="a">Lexikon der alten Welt</mx:subfield><mx:subfield code="b">(Diogenes of Sinope; 400/390-328/323 [B.C.])</mx:subfield></mx:datafield><mx:datafield ind1=" " ind2=" " tag="670"><mx:subfield code="a">LC in OCLC, 9/20/83</mx:subfield><mx:subfield code="b">(hdg.: Diogenes, the Cynic; usage: Diogenes; Diogenes the Cynic)</mx:subfield></mx:datafield><mx:datafield ind1=" " ind2=" " tag="999"><mx:subfield code="a">10256</mx:subfield></mx:datafield></mx:record>